<record><leader>00000cas a2200000 a 4500</leader><controlfield tag="001">6927178</controlfield><controlfield tag="007">hd afv---baca</controlfield><controlfield tag="008">801111d1824182umauwr nea     0    0eng  </controlfield><controlfield tag="009">685</controlfield><datafield ind1=" " ind2=" " tag="010"><subfield code="a">sf 88092022 </subfield></datafield><datafield ind1=" " ind2=" " tag="040"><subfield code="a">DLC</subfield><subfield code="b">eng</subfield><subfield code="c">IPL</subfield><subfield code="d">PES</subfield><subfield code="d">DLC</subfield><subfield code="d">OCL</subfield><subfield code="d">NST</subfield><subfield code="d">FUG</subfield><subfield code="d">OCL</subfield><subfield code="d">OCLCQ</subfield><subfield code="d">OCLCF</subfield><subfield code="d">OCLCO</subfield></datafield><datafield ind1=" " ind2=" " tag="012"><subfield code="i">9112</subfield></datafield><datafield ind1="1" ind2=" " tag="029"><subfield code="a">AU@</subfield><subfield code="b">000025712992</subfield></datafield><datafield ind1=" " ind2=" " tag="042"><subfield code="a">msc</subfield></datafield><datafield ind1="0" ind2="0" tag="050"><subfield code="a">Microfilm 01104 no. 73, 589 AP</subfield></datafield><datafield ind1=" " ind2=" " tag="092"><subfield code="a">051</subfield><subfield code="b">Am356, Reel 73</subfield></datafield><datafield ind1="0" ind2="0" tag="245"><subfield code="a">Masonic mirror, and Mechanic's intelligencer</subfield><subfield code="h">[microform].</subfield></datafield><datafield ind1="3" ind2="0" tag="246"><subfield code="a">Masonic mirror</subfield></datafield><datafield ind1="1" ind2="3" tag="246"><subfield code="a">Mechanic's intelligencer</subfield></datafield><datafield ind1=" " ind2=" " tag="260"><subfield code="a">Boston, Mass. :</subfield><subfield code="b">Moore &amp; Prowse,</subfield><subfield code="c">1824-</subfield></datafield><datafield ind1=" " ind2=" " tag="300"><subfield code="a">v. ;</subfield><subfield code="c">31-49 cm.</subfield></datafield><datafield ind1=" " ind2=" " tag="310"><subfield code="a">Weekly</subfield></datafield><datafield ind1="0" ind2=" " tag="362"><subfield code="a">Vol. 1, no. 1 (Nov. 27, 1824)-</subfield></datafield><datafield ind1="1" ind2=" " tag="362"><subfield code="a">Ceased with: Vol. 4 (1828)?</subfield></datafield><datafield ind1=" " ind2=" " tag="500"><subfield code="a">Film lacks vol. 4 (1828).</subfield></datafield><datafield ind1=" " ind2=" " tag="500"><subfield code="a">Title from caption.</subfield></datafield><datafield ind1=" " ind2=" " tag="500"><subfield code="a">Editor: 1824-, J.R. Cotting.</subfield></datafield><datafield ind1=" " ind2=" " tag="550"><subfield code="a">Imprint varies: 1824-, Boston, Mass. : Moore &amp; Prowse; -1828?, Boston, Mass. : Moore and Sevey.</subfield></datafield><datafield ind1=" " ind2=" " tag="533"><subfield code="a">Microfilm.</subfield><subfield code="b">Ann Arbor, Mich. :</subfield><subfield code="c">University Microfilms,</subfield><subfield code="d">1948.</subfield><subfield code="e">2 microfilm reels ; 35 mm.</subfield><subfield code="f">(American periodical series, 1800-1850 ; 73, 589).</subfield></datafield><datafield ind1="2" ind2="0" tag="610"><subfield code="a">Freemasons</subfield><subfield code="v">Newspapers.</subfield></datafield><datafield ind1=" " ind2="0" tag="651"><subfield code="a">Boston (Mass.)</subfield><subfield code="v">Newspapers.</subfield></datafield><datafield ind1=" " ind2="0" tag="651"><subfield code="a">Suffolk County (Mass.)</subfield><subfield code="v">Newspapers.</subfield></datafield><datafield ind1=" " ind2="7" tag="655"><subfield code="a">Newspapers.</subfield><subfield code="2">fast</subfield><subfield code="0">(OCoLC)fst01423814</subfield></datafield><datafield ind1="2" ind2="7" tag="610"><subfield code="a">Freemasons.</subfield><subfield code="2">fast</subfield><subfield code="0">(OCoLC)fst00533636</subfield></datafield><datafield ind1=" " ind2="7" tag="651"><subfield code="a">Massachusetts</subfield><subfield code="z">Boston.</subfield><subfield code="2">fast</subfield><subfield code="0">(OCoLC)fst01205012</subfield></datafield><datafield ind1=" " ind2="7" tag="651"><subfield code="a">Massachusetts</subfield><subfield code="z">Suffolk County.</subfield><subfield code="2">fast</subfield><subfield code="0">(OCoLC)fst01206189</subfield></datafield><datafield ind1="1" ind2=" " tag="700"><subfield code="a">Cotting, John R.</subfield></datafield><datafield ind1=" " ind2=" " tag="752"><subfield code="a">United States</subfield><subfield code="b">Massachusetts</subfield><subfield code="c">Suffolk</subfield><subfield code="d">Boston.</subfield></datafield><datafield ind1="1" ind2=" " tag="776"><subfield code="c">Original</subfield><subfield code="w">(DLC)sn 94051023</subfield><subfield code="w">(OCoLC)7185080</subfield></datafield><datafield ind1="0" ind2="0" tag="785"><subfield code="t">Masonic mirror</subfield><subfield code="w">(DLC)sf 88092328</subfield><subfield code="w">(OCoLC)7841788</subfield></datafield><datafield ind1=" " ind2="0" tag="830"><subfield code="a">American periodical series, 1800-1850 ;</subfield><subfield code="v">73, 589.</subfield></datafield><datafield ind1=" " ind2=" " tag="850"><subfield code="a">DLC</subfield><subfield code="a">FU</subfield><subfield code="a">IaAS</subfield></datafield><datafield ind1=" " ind2=" " tag="936"><subfield code="a">Unknown</subfield><subfield code="a">Dec. 22, 1827</subfield></datafield></record>